@book{harry,
    author    = "J.K. Rowling",
    title     = "Harry Potter and the Philosopher's Stone",
    publisher = "Bloomsbury Publishing",
    year      = "1997",
    %month    = "czerwiec"
}

@book{lat,
    author    = "Tobias Oetiker",
    title     = "Nie za krótkie wprowadzenie do systemu LATEX2",
    publisher = "Tobias Oetiker and Contributers",
    year      = "2007",
    %month    = "styczeń"
}

@book{cyt,
    author    = "J.K. Rowling",
    title     = "Harry Potter and the Prisoner of Azkaban",
    publisher = "Bloomsbury Publishing",
    year      = "1999",
    %month    = "lipiec"
}